@online{insee_portrait_social,
    author = "Insee",
    title = "France, portrait social",
    url  = "https://www.insee.fr/fr/statistiques/4238401",
    year = "2019"
    }
@online{precarite_etude_sup,
    author = "Attias,E.",
    title = "Quand la précarité touche aussi les jeunes diplômés",
    url = "https://start.lesechos.fr/apprendre/universites-ecoles/quand-la-precarite-touche-aussi-les-jeunes-diplomes-1178034",
    year = "2017"
}
@online{prix_immo_paris,
    author ="Insee",
    title = "Paris et l'ouest parisien : des territoires quasiment inaccessibles à l'achat pour la majorité des locataires franciliens",
    url = "https://www.insee.fr/fr/statistiques/4294778",
    year = "2020"
    }
@online{evolution_hab,
    author ="Insee",
    title = "50 ans d'évolution des résidences principales : des logements plus grands et moins peuplés",
    url = "https://www.insee.fr/fr/statistiques/5400123",
    year= "2021"
}
@online{ipc_loyer,
    author ="Insee",
    title = "Le logement dans l'indice des prix à la consommation",
    url = "https://www.insee.fr/fr/statistiques/4126450",
    year = "2019"}

@online{part_appart,
    author = "Insee",
    title = "France, portrait social",
    url = "https://www.insee.fr/fr/statistiques/5432517",
    year = "2021" }

@online{pauvrete_locataires,
    author = "Observatoire des inégalités",
    title = "La pauvreté touche d'abord les locataires",
    url = "https://www.inegalites.fr/pauvrete-locataires-proprietaires",
    year="2021"}

@online{locataire,
    author = "Insee",
    title = "Logements en 2019",
    url = "https://www.insee.fr/fr/statistiques/6454155",
    year="2019"}

@online{dipsup,
    author = "Insee",
    title="Diplômes-Formation en 2019",
    url="https://www.insee.fr/fr/statistiques/6454124",
    year="2019"}

@online{jeune_persagee,
    author = "Insee",
    title="Évolution et structure de la population en 2019",
    url="https://www.insee.fr/fr/statistiques/6456153",
    year="2019"}

@online{chomage,
    author = "Insee",
    title = "Taux de chômage localisés par sexe et âge en moyenne annuelle en 2019",
    url ="https://www.insee.fr/fr/statistiques/2134411",
    year="2019"}

@online{urba, 
    author = "Insee",
    title = "Toujours plus d'habitants dans les unités urbaines",
    url = "https://www.insee.fr/fr/statistiques/4806684",
    year="2019"}

@online{pauvrete,
    author="Insee",
    title="Principaux indicateurs sur les revenus et la pauvreté aux niveaux national et local",
    url="https://www.insee.fr/fr/statistiques/6036902",
    year="2019"}

@online{ville,
    author="Insee",
    title="Téléchargement du fichier d'ensemble des populations légales en 2019",
    url="https://www.insee.fr/fr/statistiques/6011070#consulter",
    year="2019"}

@online{appart,
    author="Insee",
    title="Logements et résidences principales en 2019",
    url="https://www.insee.fr/fr/statistiques/6454155",
    year="2019"}